@article{lam2000mathematical,
  title={A mathematical analysis of the DCT coefficient distributions for images},
  author={Lam, Edmund Y and Goodman, Joseph W},
  journal={Image Processing, IEEE Transactions on},
  volume={9},
  number={10},
  pages={1661--1666},
  year={2000},
  publisher={IEEE}
}

@inproceedings{oliveira2014multiple,
  title={Multiple parenting identification in image phylogeny},
  author={Oliveira, A and Ferrara, Pasquale and De Rosa, Alessia and Piva, Alessandro and Barni, Mauro and Goldenstein, Siome and Dias, Zanoni and Rocha, Anderson},
  booktitle={Image Processing (ICIP), 2014 IEEE International Conference on},
  pages={5347--5351},
  year={2014},
  organization={IEEE}
}

@article{oikawa2016manifold,
  title={Manifold learning and spectral clustering for image phylogeny forests},
  author={Oikawa, Marina A and Dias, Zanoni and de Rezende Rocha, Anderson and Goldenstein, Siome},
  journal={Information Forensics and Security, IEEE Transactions on},
  volume={11},
  number={1},
  pages={5--18},
  year={2016},
  publisher={IEEE}
}

@article{de2016multiple,
  title={Multiple parenting phylogeny relationships in digital images},
  author={de Oliveira, Alberto A and Ferrara, Pasquale and De Rosa, Alessia and Piva, Alessandro and Barni, Mauro and Goldenstein, Siome and Dias, Zanoni and Rocha, Anderson},
  journal={Information Forensics and Security, IEEE Transactions on},
  volume={11},
  number={2},
  pages={328--343},
  year={2016},
  publisher={IEEE}
}

@inproceedings{feng2010jpeg,
  title={JPEG recompression detection},
  author={Feng, Xiaoying and Do{\"e}rr, Gwena{\"e}l},
  booktitle={IS\&T/SPIE Electronic Imaging},
  pages={75410J--75410J},
  year={2010},
  organization={International Society for Optics and Photonics}
}

@inproceedings{bianchi2011detection,
  title={Detection of non-aligned double JPEG compression with estimation of primary compression parameters},
  author={Bianchi, Tiziano and Piva, Alessandro},
  booktitle={Image Processing (ICIP), 2011 18th IEEE International Conference on},
  pages={1929--1932},
  year={2011},
  organization={IEEE}
}

@article{bianchi2012detection,
  title={Detection of nonaligned double JPEG compression based on integer periodicity maps},
  author={Bianchi, Tiziano and Piva, Alessandro},
  journal={Information Forensics and Security, IEEE Transactions on},
  volume={7},
  number={2},
  pages={842--848},
  year={2012},
  publisher={IEEE}
}

@article{dias2013exploring,
  title={Exploring heuristic and optimum branching algorithms for image phylogeny},
  author={Dias, Zanoni and Goldenstein, Siome and Rocha, Anderson},
  journal={Journal of Visual Communication and Image Representation},
  volume={24},
  number={7},
  pages={1124--1134},
  year={2013},
  publisher={Elsevier}
}

@inproceedings{puglisi2013first,
  title={First JPEG quantization matrix estimation based on histogram analysis},
  author={Puglisi, Giovanni and Bruna, Arcangelo R and Galvan, Floyd and Battiato, Sebastiano},
  booktitle={Image Processing (ICIP), 2013 20th IEEE International Conference on},
  pages={4502--4506},
  year={2013},
  organization={IEEE}
}

@inproceedings{dias2010first,
  title={First steps toward image phylogeny},
  author={Dias, Zanoni and Rocha, Anderson and Goldenstein, Siome},
  booktitle={Information Forensics and Security (WIFS), 2010 IEEE International Workshop on},
  pages={1--6},
  year={2010},
  organization={IEEE}
}

@article{chen2011detecting,
  title={Detecting recompression of JPEG images via periodicity analysis of compression artifacts for tampering detection},
  author={Chen, Yi-Lei and Hsu, Chiou-Ting},
  journal={Information Forensics and Security, IEEE Transactions on},
  volume={6},
  number={2},
  pages={396--406},
  year={2011},
  publisher={IEEE}
}

@article{dias2012image,
  title={Image phylogeny by minimal spanning trees},
  author={Dias, Zanoni and Rocha, Anderson and Goldenstein, Siome},
  journal={Information Forensics and Security, IEEE Transactions on},
  volume={7},
  number={2},
  pages={774--788},
  year={2012},
  publisher={IEEE}
}

@article{dias2013large,
  title={Large-scale image phylogeny: Tracing image ancestral relationships},
  author={Dias, Zanoni and Goldenstein, Siome and Rocha, Anderson},
  journal={MultiMedia, IEEE},
  volume={20},
  number={3},
  pages={58--70},
  year={2013},
  publisher={IEEE}
}

@article{li2014jpeg,
  title={JPEG noises beyond the first compression cycle},
  author={Li, Bin and Ng, Tian-Tsong and Li, Xiaolong and Tan, Shunquan and Huang, Jiwu},
  journal={arXiv preprint arXiv:1405.7571},
  year={2014}
}

@article{joly2007content,
  title={Content-based copy retrieval using distortion-based probabilistic similarity search},
  author={Joly, Alexis and Buisson, Olivier and Fr{\'e}licot, Carl},
  journal={Multimedia, IEEE Transactions on},
  volume={9},
  number={2},
  pages={293--306},
  year={2007},
  publisher={IEEE}
}

@inproceedings{bianchi2012reverse,
  title={Reverse engineering of double JPEG compression in the presence of image resizing},
  author={Bianchi, Tiziano and Piva, Alessandro},
  booktitle={Information Forensics and Security (WIFS), 2012 IEEE International Workshop on},
  pages={127--132},
  year={2012},
  organization={IEEE}
}

@article{yang2014effective,
  title={An Effective Method for Detecting Double JPEG Compression With the Same Quantization Matrix},
  author={Yang, Jianquan and Xie, Jin and Zhu, Guopu and Kwong, Sam and Shi, Yun-Qing},
  journal={Information Forensics and Security, IEEE Transactions on},
  volume={9},
  number={11},
  pages={1933--1942},
  year={2014},
  publisher={IEEE}
}

@article{huang2010detecting,
  title={Detecting double JPEG compression with the same quantization matrix},
  author={Huang, Fangjun and Huang, Jiwu and Shi, Yun Qing},
  journal={Information Forensics and Security, IEEE Transactions on},
  volume={5},
  number={4},
  pages={848--856},
  year={2010},
  publisher={IEEE}
}

@article{farid2009exposing,
  title={Exposing digital forgeries from JPEG ghosts},
  author={Farid, Hany},
  journal={Information Forensics and Security, IEEE Transactions on},
  volume={4},
  number={1},
  pages={154--160},
  year={2009},
  publisher={IEEE}
}

@inproceedings{lai2013block,
  title={Block convergence in repeated transform coding: JPEG-100 forensics, carbon dating, and tamper detection},
  author={Lai, ShiYue and Bohme, Rainer},
  booktitle={Acoustics, Speech and Signal Processing (ICASSP), 2013 IEEE International Conference on},
  pages={3028--3032},
  year={2013},
  organization={IEEE}
}

@inproceedings{kennedy2008internet,
  title={Internet image archaeology: automatically tracing the manipulation history of photographs on the web},
  author={Kennedy, Lyndon and Chang, Shih-Fu},
  booktitle={Proceedings of the 16th ACM international conference on Multimedia},
  pages={349--358},
  year={2008},
  organization={ACM}
}

@article{cha2007comprehensive,
  title={Comprehensive survey on distance/similarity measures between probability density functions},
  author={Cha, Sung-Hyuk},
  journal={City},
  volume={1},
  number={2},
  pages={1},
  year={2007}
}

@online{phylogeny,
title={Phylog√©nie},
url={https://fr.wikipedia.org/wiki/Phylogen%C3%A8se}
}